2440 3931
440 223 547 306 64

432 439 771 522 minere
808 437 1103 528 indice
1150 440 1720 526 demonstrat.
1757 445 2040 532 Adest
2059 477 2305 533 nam-

435 575 603 658 que
637 547 848 628 Dux
871 549 1163 630 Belzie
1194 552 1758 634 Wsewlodus
1803 584 2004 636 cum
2037 559 2296 639 Prin·

428 657 773 764 cipibus
877 656 1727 741 Laodimiriensium
1779 689 1876 743 ac
1939 663 2301 750 Gallici·

420 763 768 846 ensium
842 765 1334 890 p1·ecipui5‚
1408 785 1634 849 cum·
1668 767 1966 850 electis
2017 774 2297 856 Tibia-

419 899 795 954 neorum
852 889 1218 971 turmis,
1283 903 1486 955 cum
1527 875 2073 962 Parthorum
2139 875 2305 964 miss

424 981 701 1078 libtiS,
751 981 1022 1066 Urbis
1059 981 1487 1064 subsidio.

628 1089 957 1170 Videre
1008 1089 1318 1172 videor
1375 1090 2079 1198 prominentium
2147 1127 2290 1178 ne-

416 1221 611 1298 mus
656 1196 1153 1278 lancearum
1178 1200 1197 1275 !
1219 1199 1378 1284 Jlla
1411 1198 2092 1285 Barbaricarum
2111 1204 2288 1312 pel-

416 1319 711 1385 tarum
776 1302 1201 1410 insignia!
1259 1305 1526 1388 ⁴illam
1585 1333 1991 1391 amorum
2061 1319 2283 1390 ruti-

416 1411 837 1494 lantium!
962 1414 1740 1524 ornatissinxasque.
1835 1417 2291 1522 agminum·

414 1520 719 1602 Acies!
772 1519 1164 1626 adeoque
1219 1523 1702 1618 modestos,
1767 1523 1988 1630 adeo
2043 1538 2284 1604 tram.

416 1628 743 1734 quillos
806 1628 1195 1708 acierum
1267 1657 1764 1737 processUS‚
1817 1643 1922 1709 ut
1967 1631 2278 1712 immo·

406 1734 720 1818 biliter
759 1737 1098 1817 moveri
1138 1739 1603 1819 videantur
1623 1752 2098 1842 ,quatenus
2126 1740 2281 1820 Ca-

410 1843 614 1926 stris
680 1841 1277 1926 obsidentium
1332 1845 1652 1944 sensim
1715 1841 2272 1954 irrumpant,

408 1967 560 2033 aut
612 1952 1189 2036 instructiore
1263 1951 1525 2063 prelii
1586 1950 2059 2062 disciplina
2099 1953 2277 2062 glo-

401 2062 628 2142 riam
662 2060 1076 2141 victoriae
1113 2061 1762 2143 nanciscantur.

611 2166 1008 2271 Quorum
1070 2170 1481 2251 occursui
1529 2194 1746 2248 mox
1783 2164 1999 2251 belli
2055 2166 2291 2248 clas-·

405 2276 679 2357 sicum
720 2278 1422 2381 intonare-jubet
1444 2273 1996 2373 Kazimirm,
2029 2302 2273 2357 arma

404 2397 834 2491 capessam
881 2382 1370 2491 bucephalo
1409 2382 1788 2492 impiger
1820 2380 2149 2483 insilit,
2175 2386 2272 2465 in

400 2493 742 2576 hostem
817 2517 995 2572 non
1049 2492 1542 2601 supicatum
1601 2488 2106 2597 intrepidus
2169 2520 2270 2571 ao

398 2599 887 2708 impavidus
946 2599 1569 2713 progreditur,
1645 2624 2015 2680 suorum
2074 2598 2270 2705 qui·

395 2707 764 2790 busdam
871 2707 1357 2791 obsidionis
1443 2706 1736 2788 studio
1835 2703 2262 2803 intentis,

395 2814 843 2898 nonnullis
884 2816 983 2899 in
1038 2811 1314 2899 Urbis
1359 2810 1965 2927 exploratione
2005 2836 2264 2895 occu·

396 2922 668 3036 patiS,
710 2922 897 3003 aliis
940 2954 1043 3007 ex
1082 2921 1269 3007 aliis·
1311 2922 1588 3005 c'ausis
1630 2917 1955 3031 passim
1995 2919 2259 3002 undi-

398 3058 567 3141 que
622 3029 1067 3137 dispersis.
1633 3120 1646 3131 ‚
1827 3078 1836 3089 ·
2097 3114 2110 3123 ,

609 3140 1061 3245 stupenda
1103 3164 1468 3252 prorsus
1521 3136 1913 3219 aedacia!
1965 3162 2078 3217 ne
2131 3134 2260 3221 di-

396 3245 694 3329 xerim
754 3248 1245 3331 temeritas!
1309 3247 1410 3327 in
1469 3270 1737 3326 manu
1807 3250 1983 3329 tam
2059 3270 2262 3353 per-

395 3355 803 3465 paucula,
868 3358 1045 3439 suis
1117 3382 1346 3467 pene
1399 3351 1826 3463 omnihus
1878 3354 2254 3463 ignaris,

734 3499 739 3503 ·
1724 3514 1727 3517 -
1947 3486 2151 3543 cum

2394 461 2406 734 <

2400 1113 2405 1306 i

2398 1545 2405 1850 1

2397 2100 2404 2365 l
