2440 3931
1077 260 1559 311 ...o-.-

396 442 774 529 ridiculo
798 507 820 547 ,
881 445 1303 533 secundus
1342 473 1451 529 ne
1488 443 1851 531 fascium
1875 421 2241 560 'excipe-

403 605 545 674 ret
588 591 688 677 in
725 620 808 675 se
850 593 1347 701 periculum
1373 654 1395 694 ,
1437 593 1753 675 tertius
1800 622 1907 674 ne
1934 590 2253 672 Castis-

406 739 713 820 simam
752 715 1284 823 Prudentiae
1350 740 1888 821 maiestatem
1956 736 2255 821 scurili

375 883 978 995 ⁴prostitueret
1065 886 1485 972 incestui.
1618 883 1939 967 Maluit
2048 912 2251 964 nam

405 1028 752 1112 Codrus
803 1030 1194 1115 ‘aliorum
1258 1028 1429 1117 sibi
1498 1030 2004 1113 subtrahere
2065 1059 2255 1137 spe-

408 1173 793 1275 ctacula,
857 1204 1118 1283 quam
1178 1178 1284 1260 de
1342 1206 1427 1262 se
1486 1178 1673 1260 aliis
1738 1174 2254 1284 despicabile

400 1320 774 1432 prebere
815 1323 1452 1431 spectaculum,
1508 1326 1706 1433 quia
1748 1320 2079 1405 'nullum
2124 1334 2258 1401 est

397 1468 639 1552 inter
677 1472 1114 1578 purpuras
1137 1483 1223 1550 et
1264 1466 1895 1577 pannositatem
1920 1461 2255 1548 Sodali-

403 1614 514 1696 tii
567 1611 908 1696 faedus:
955 1613 1247 1721 Elegit
1294 1630 1381 1699 et
1418 1615 1913 1725 Alcipiades
1964 1611 2255 1723 potius

407 1760 642 1845 domi
698 1758 1204 1842 delitescere
1257 1760 1721 1865 inglorius,
1780 1730 2037 1871 qua-m
2075 1757 2255 1840 for-

409 1892 596 1992 mae
639 1905 1125 2016 dispendi0‚
1171 1905 1279 1990 de
1317 1906 1598 1993 forma
1638 1908 2017 2017 gloriari,
2052 1905 2257 2012 quia

399 2051 622 2138 nihil
669 2066 848 2134 tam
900 2045 1421 2134 naturaliter
1473 2053 1602 2134 est'
1655 2053 2253 2160 conspicuum,

407 2177 642 2310 quod
674 2196 1128 2316 lippientis
1157 2197 1449 2280 oculos
1494 2223 1677 2280 non·
1708 2197 2107 2280 videatur
2136 2195 2257 2276 fa-

403 2345 738 2430 scinare
789 2342 1205 2424 invidiae:
1236 2369 1540 2426 rursus
1580 2345 1920 2428 censuit
1940 2344 2253 2452 Dioge-

314 2507 328 2514 ·
399 2517 550 2576 nes
570 2487 834 2598 Vulgi
857 2487 1317 2573 Consortia
1356 2489 1800 2595 dedignari
1843 2517 2000 2598 per
2041 2519 2245 2596 pru·

406 2635 832 2735 dentiam,
887 2633 1090 2740 quia
1144 2634 1521 2716 sanctius
1584 2649 1716 2718 est
1775 2634 2281 2726 solitudine

406 2778 832 2878 venerari,
858 2759 1130 2885 quam'
1147 2775 1740 2862 familiaritate
1775 2779 2247 2864 contemni.

611 2923 737 3005 Et
793 2921 1047 3006 huius
1118 2922 1475 3029 quidem
1549 2925 1935 3036 pagellae
2003 2924 2249 3009 rudis

409 3067 773 3165 Macies,
839 3071 1121 3174 jejuna
1180 3069 1514 3156 ruditas
1596 3071 1704 3154 ab
1779 3072 2249 3181 Alcipiadis

401 3227 538 3310 est
616 3198 1118 3299 curiositate
1176 3242 1518 3325 secura,
1602 3219 2254 3325 superstitiosus
2376 3252 2380 3256 ⁴

404 3387 612 3444 nam
654 3372 789 3442 est
827 3345 1185 3444 fascium
1240 3364 1554 3454 timot.-
1596 3388 1773 3452 non
1804 3362 2065 3454 habet
2102 3365 2255 3460 de-
