<?xml version="1.0" encoding="UTF-8"?>
<!DOCTYPE html PUBLIC "-//W3C//DTD XHTML 1.0 Transitional//EN"
    "http://www.w3.org/TR/xhtml1/DTD/xhtml1-transitional.dtd">
<html xmlns="http://www.w3.org/1999/xhtml" xml:lang="en" lang="en">
 <head>
  <title>
</title>
<meta http-equiv="Content-Type" content="text/html;charset=utf-8" />
  <meta name='ocr-system' content='tesseract 3.04.00' />
  <meta name='ocr-capabilities' content='ocr_page ocr_carea ocr_par ocr_line ocrx_word'/>
</head>
<body>
  <div class='ocr_page' id='page_1' title='image "./resgestaeprinci00chrogoog_0410.png"; bbox 0 0 2440 3931; ppageno 0'>
   <div class='ocr_carea' id='block_1_1' title="bbox 1901 228 2010 313">
    <p class='ocr_par' dir='ltr' id='par_1_1' title="bbox 1901 228 2010 313">
     <span class='ocr_line' id='line_1_1' title="bbox 1901 228 2010 313; baseline 0.009 -1"><span class='ocrx_word' id='word_1_1' title='bbox 1901 228 2010 313; x_wconf 71' lang='lat'>65</span> 
     </span>
    </p>
   </div>
   <div class='ocr_carea' id='block_1_2' title="bbox 21 444 2091 3554">
    <p class='ocr_par' dir='ltr' id='par_1_2' title="bbox 122 444 2006 777">
     <span class='ocr_line' id='line_1_2' title="bbox 122 444 2006 559; baseline -0.007 -19"><span class='ocrx_word' id='word_1_2' title='bbox 122 484 279 540; x_wconf 78' lang='lat' dir='ltr'>ves</span> <span class='ocrx_word' id='word_1_3' title='bbox 366 450 927 558; x_wconf 77' lang='lat' dir='ltr'>„indignum</span> <span class='ocrx_word' id='word_1_4' title='bbox 1006 444 1483 531; x_wconf 77' lang='lat' dir='ltr'>asserentes</span> <span class='ocrx_word' id='word_1_5' title='bbox 1563 448 2006 559; x_wconf 77' lang='lat' dir='ltr'>quendam</span> 
     </span>
     <span class='ocr_line' id='line_1_3' title="bbox 126 554 1998 669; baseline -0.004 -25"><span class='ocrx_word' id='word_1_6' title='bbox 126 626 183 664; x_wconf 91' lang='lat'><strong>„</strong></span> <span class='ocrx_word' id='word_1_7' title='bbox 248 564 665 669; x_wconf 89' lang='lat' dir='ltr'>spurium</span> <span class='ocrx_word' id='word_1_8' title='bbox 732 554 1316 666; x_wconf 82' lang='lat' dir='ltr'>Principibus</span> <span class='ocrx_word' id='word_1_9' title='bbox 1379 558 1702 641; x_wconf 85' lang='lat' dir='ltr'>dehere</span> <span class='ocrx_word' id='word_1_10' title='bbox 1751 558 1998 667; x_wconf 84' lang='lat' dir='ltr'>prin-</span> 
     </span>
     <span class='ocr_line' id='line_1_4' title="bbox 130 663 1681 777; baseline -0.004 -26"><span class='ocrx_word' id='word_1_11' title='bbox 130 730 195 772; x_wconf 92' lang='lat'>„</span> <span class='ocrx_word' id='word_1_12' title='bbox 258 672 615 777; x_wconf 79' lang='lat' dir='ltr'>cipari„</span> <span class='ocrx_word' id='word_1_13' title='bbox 640 664 1061 749; x_wconf 84' lang='lat' dir='ltr'>acerrime</span> <span class='ocrx_word' id='word_1_14' title='bbox 1108 663 1681 747; x_wconf 83' lang='lat' dir='ltr'>rebellantur.</span> 
     </span>
    </p>

    <p class='ocr_par' dir='ltr' id='par_1_3' title="bbox 21 771 2091 3149">
     <span class='ocr_line' id='line_1_5' title="bbox 307 771 2004 881; baseline -0.002 -26"><span class='ocrx_word' id='word_1_15' title='bbox 307 776 483 859; x_wconf 75' lang='lat' dir='ltr'>Sed</span> <span class='ocrx_word' id='word_1_16' title='bbox 522 793 615 857; x_wconf 88' lang='lat' dir='ltr'>et</span> <span class='ocrx_word' id='word_1_17' title='bbox 644 773 1143 854; x_wconf 76' lang='lat' dir='ltr'>Exercitum</span> <span class='ocrx_word' id='word_1_18' title='bbox 1167 771 1459 855; x_wconf 80' lang='lat' dir='ltr'>Duces</span> <span class='ocrx_word' id='word_1_19' title='bbox 1515 772 2004 881; x_wconf 87' lang='lat' dir='ltr'>plurimum</span> 
     </span>
     <span class='ocr_line' id='line_1_6' title="bbox 138 880 2005 985; baseline -0.004 -16"><span class='ocrx_word' id='word_1_20' title='bbox 138 884 243 969; x_wconf 82' lang='lat' dir='ltr'>in</span> <span class='ocrx_word' id='word_1_21' title='bbox 285 882 455 967; x_wconf 84' lang='lat' dir='ltr'>Jllo</span> <span class='ocrx_word' id='word_1_22' title='bbox 484 880 1233 979; x_wconf 74' lang='lat' dir='ltr'>scandalizantur,</span> <span class='ocrx_word' id='word_1_23' title='bbox 1275 882 1522 985; x_wconf 82' lang='lat' dir='ltr'>cujus</span> <span class='ocrx_word' id='word_1_24' title='bbox 1559 881 2005 983; x_wconf 80' lang='lat' dir='ltr'>occasione</span> 
     </span>
     <span class='ocr_line' id='line_1_7' title="bbox 134 986 2010 1097; baseline -0.002 -24"><span class='ocrx_word' id='word_1_25' title='bbox 134 992 601 1075; x_wconf 81' lang='lat' dir='ltr'>seditionis</span> <span class='ocrx_word' id='word_1_26' title='bbox 644 987 1053 1069; x_wconf 78' lang='lat' dir='ltr'>fremitus</span> <span class='ocrx_word' id='word_1_27' title='bbox 1092 986 1686 1097; x_wconf 85' lang='lat' dir='ltr'>constrepuit,</span> <span class='ocrx_word' id='word_1_28' title='bbox 1745 1004 1836 1071; x_wconf 82' lang='lat' dir='ltr'>et</span> <span class='ocrx_word' id='word_1_29' title='bbox 1909 990 2010 1069; x_wconf 86' lang='lat' dir='ltr'>in</span> 
     </span>
     <span class='ocr_line' id='line_1_8' title="bbox 130 1093 2007 1203; baseline -0.004 -20"><span class='ocrx_word' id='word_1_30' title='bbox 130 1101 383 1183; x_wconf 81' lang='lat' dir='ltr'>Sacri</span> <span class='ocrx_word' id='word_1_31' title='bbox 424 1096 743 1181; x_wconf 80' lang='lat' dir='ltr'>Palatii</span> <span class='ocrx_word' id='word_1_32' title='bbox 776 1093 1283 1203; x_wconf 80' lang='lat' dir='ltr'>Principem</span> <span class='ocrx_word' id='word_1_33' title='bbox 1339 1097 1786 1200; x_wconf 75' lang='lat' dir='ltr'>(summae</span> <span class='ocrx_word' id='word_1_34' title='bbox 1827 1098 2007 1177; x_wconf 84' lang='lat' dir='ltr'>vir-</span> 
     </span>
     <span class='ocr_line' id='line_1_9' title="bbox 130 1199 2008 1307; baseline -0.001 -19"><span class='ocrx_word' id='word_1_35' title='bbox 130 1208 356 1288; x_wconf 70' lang='lat' dir='ltr'>tutis</span> <span class='ocrx_word' id='word_1_36' title='bbox 401 1208 761 1307; x_wconf 85' lang='lat' dir='ltr'>virum)</span> <span class='ocrx_word' id='word_1_37' title='bbox 808 1199 1266 1283; x_wconf 79' lang='lat' dir='ltr'>Nicolaum</span> <span class='ocrx_word' id='word_1_38' title='bbox 1307 1200 1750 1285; x_wconf 83' lang='lat' dir='ltr'>attollitur</span> <span class='ocrx_word' id='word_1_39' title='bbox 1799 1207 2008 1303; x_wconf 88' lang='lat' dir='ltr'>„in-</span> 
     </span>
     <span class='ocr_line' id='line_1_10' title="bbox 134 1311 2008 1422; baseline -0.001 -27"><span class='ocrx_word' id='word_1_40' title='bbox 134 1376 195 1416; x_wconf 92' lang='lat'>„</span> <span class='ocrx_word' id='word_1_41' title='bbox 260 1314 595 1422; x_wconf 79' lang='lat' dir='ltr'>dignati</span> <span class='ocrx_word' id='word_1_42' title='bbox 646 1312 882 1393; x_wconf 87' lang='lat' dir='ltr'>enim</span> <span class='ocrx_word' id='word_1_43' title='bbox 922 1312 1101 1415; x_wconf 78' lang='lat' dir='ltr'>ejus</span> <span class='ocrx_word' id='word_1_44' title='bbox 1141 1311 1484 1407; x_wconf 81' lang='lat' dir='ltr'>vesania</span> <span class='ocrx_word' id='word_1_45' title='bbox 1533 1339 1720 1393; x_wconf 89' lang='lat' dir='ltr'>non</span> <span class='ocrx_word' id='word_1_46' title='bbox 1777 1315 2008 1395; x_wconf 88' lang='lat' dir='ltr'>Con-</span> 
     </span>
     <span class='ocr_line' id='line_1_11' title="bbox 21 1418 2008 1527; baseline -0.001 -24"><span class='ocrx_word' id='word_1_47' title='bbox 21 1452 23 1457; x_wconf 92' lang='lat'><em>·</em></span> <span class='ocrx_word' id='word_1_48' title='bbox 133 1484 191 1524; x_wconf 93' lang='lat'>„</span> <span class='ocrx_word' id='word_1_49' title='bbox 257 1422 457 1504; x_wconf 88' lang='lat' dir='ltr'>silio</span> <span class='ocrx_word' id='word_1_50' title='bbox 490 1420 755 1501; x_wconf 81' lang='lat' dir='ltr'>Tanti</span> <span class='ocrx_word' id='word_1_51' title='bbox 800 1418 1336 1523; x_wconf 75' lang='lat' dir='ltr'>Maiestatem</span> <span class='ocrx_word' id='word_1_52' title='bbox 1399 1418 1848 1527; x_wconf 87' lang='lat' dir='ltr'>Principis</span> <span class='ocrx_word' id='word_1_53' title='bbox 1911 1422 2008 1501; x_wconf 86' lang='lat' dir='ltr'>in</span> 
     </span>
     <span class='ocr_line' id='line_1_12' title="bbox 140 1520 2010 1635; baseline 0 -24"><span class='ocrx_word' id='word_1_54' title='bbox 140 1591 197 1631; x_wconf 92' lang='lat'>„</span> <span class='ocrx_word' id='word_1_55' title='bbox 260 1529 361 1611; x_wconf 89' lang='lat' dir='ltr'>id</span> <span class='ocrx_word' id='word_1_56' title='bbox 401 1520 971 1635; x_wconf 83' lang='lat' dir='ltr'>insipientiae</span> <span class='ocrx_word' id='word_1_57' title='bbox 1023 1524 1548 1633; x_wconf 85' lang='lat' dir='ltr'>desipuisse,</span> <span class='ocrx_word' id='word_1_58' title='bbox 1613 1543 1715 1607; x_wconf 90' lang='lat' dir='ltr'>ut</span> <span class='ocrx_word' id='word_1_59' title='bbox 1755 1528 2010 1611; x_wconf 61' lang='lat' dir='ltr'>Man-=</span> 
     </span>
     <span class='ocr_line' id='line_1_13' title="bbox 140 1634 2009 1738; baseline -0.001 -21"><span class='ocrx_word' id='word_1_60' title='bbox 140 1698 197 1738; x_wconf 88' lang='lat'><strong>„</strong></span> <span class='ocrx_word' id='word_1_61' title='bbox 263 1638 447 1717; x_wconf 82' lang='lat' dir='ltr'>zeri</span> <span class='ocrx_word' id='word_1_62' title='bbox 516 1636 961 1738; x_wconf 79' lang='lat' dir='ltr'>cujusdam</span> <span class='ocrx_word' id='word_1_63' title='bbox 1055 1660 1396 1713; x_wconf 84' lang='lat' dir='ltr'>causam</span> <span class='ocrx_word' id='word_1_64' title='bbox 1489 1648 1793 1715; x_wconf 87' lang='lat' dir='ltr'>contra</span> <span class='ocrx_word' id='word_1_65' title='bbox 1865 1634 2009 1715; x_wconf 78' lang='lat' dir='ltr'>Fi-</span> 
     </span>
     <span class='ocr_line' id='line_1_14' title="bbox 21 1740 2004 1850; baseline 0.002 -28"><span class='ocrx_word' id='word_1_66' title='bbox 21 1768 23 1775; x_wconf 90' lang='lat'><em>·</em></span> <span class='ocrx_word' id='word_1_67' title='bbox 140 1806 197 1845; x_wconf 95' lang='lat'>„</span> <span class='ocrx_word' id='word_1_68' title='bbox 261 1743 423 1827; x_wconf 90' lang='lat' dir='ltr'>lios</span> <span class='ocrx_word' id='word_1_69' title='bbox 517 1769 695 1825; x_wconf 89' lang='lat' dir='ltr'>non</span> <span class='ocrx_word' id='word_1_70' title='bbox 757 1742 887 1823; x_wconf 81' lang='lat' dir='ltr'>Ne</span> <span class='ocrx_word' id='word_1_71' title='bbox 954 1754 1135 1822; x_wconf 85' lang='lat' dir='ltr'>otes</span> <span class='ocrx_word' id='word_1_72' title='bbox 1190 1740 1556 1850; x_wconf 79' lang='lat' dir='ltr'>elegerit</span> <span class='ocrx_word' id='word_1_73' title='bbox 1629 1768 2004 1825; x_wconf 85' lang='lat' dir='ltr'>assume-</span> 
     </span>
     <span class='ocr_line' id='line_1_15' title="bbox 142 1844 2008 1957; baseline -0.001 -24"><span class='ocrx_word' id='word_1_74' title='bbox 142 1913 200 1953; x_wconf 88' lang='lat'>„</span> <span class='ocrx_word' id='word_1_75' title='bbox 265 1879 411 1948; x_wconf 86' lang='lat' dir='ltr'>re;</span> <span class='ocrx_word' id='word_1_76' title='bbox 476 1865 581 1931; x_wconf 86' lang='lat' dir='ltr'>ut</span> <span class='ocrx_word' id='word_1_77' title='bbox 642 1848 846 1931; x_wconf 81' lang='lat' dir='ltr'>vilis</span> <span class='ocrx_word' id='word_1_78' title='bbox 952 1844 1209 1933; x_wconf 86' lang='lat' dir='ltr'>ucelli</span> <span class='ocrx_word' id='word_1_79' title='bbox 1245 1849 1569 1957; x_wconf 73' lang='lat' dir='ltr'>gratia,</span> <span class='ocrx_word' id='word_1_80' title='bbox 1627 1850 2008 1933; x_wconf 81' lang='lat' dir='ltr'>Tantam</span> 
     </span>
     <span class='ocr_line' id='line_1_16' title="bbox 138 1954 2008 2064; baseline 0 -22"><span class='ocrx_word' id='word_1_81' title='bbox 138 2022 197 2062; x_wconf 92' lang='lat'>„</span> <span class='ocrx_word' id='word_1_82' title='bbox 262 1958 844 2044; x_wconf 79' lang='lat' dir='ltr'>Lechitarum</span> <span class='ocrx_word' id='word_1_83' title='bbox 892 1954 1264 2064; x_wconf 82' lang='lat' dir='ltr'>gloriam</span> <span class='ocrx_word' id='word_1_84' title='bbox 1326 1972 1508 2040; x_wconf 86' lang='lat' dir='ltr'>tam</span> <span class='ocrx_word' id='word_1_85' title='bbox 1570 1956 2008 2042; x_wconf 83' lang='lat' dir='ltr'>discrimi-</span> 
     </span>
     <span class='ocr_line' id='line_1_17' title="bbox 142 2062 2007 2174; baseline 0.001 -25"><span class='ocrx_word' id='word_1_86' title='bbox 142 2129 203 2169; x_wconf 91' lang='lat'>„</span> <span class='ocrx_word' id='word_1_87' title='bbox 263 2068 535 2165; x_wconf 77' lang='lat' dir='ltr'>nnsis,</span> <span class='ocrx_word' id='word_1_88' title='bbox 559 2081 741 2146; x_wconf 86' lang='lat' dir='ltr'>tam</span> <span class='ocrx_word' id='word_1_89' title='bbox 776 2062 1153 2147; x_wconf 88' lang='lat' dir='ltr'>sordidis</span> <span class='ocrx_word' id='word_1_90' title='bbox 1173 2063 1746 2174; x_wconf 82' lang='lat' dir='ltr'>prostituerit</span> <span class='ocrx_word' id='word_1_91' title='bbox 1776 2096 2007 2151; x_wconf 88' lang='lat' dir='ltr'>com-</span> 
     </span>
     <span class='ocr_line' id='line_1_18' title="bbox 143 2171 2006 2284; baseline 0.001 -28"><span class='ocrx_word' id='word_1_92' title='bbox 143 2237 195 2277; x_wconf 92' lang='lat'>„</span> <span class='ocrx_word' id='word_1_93' title='bbox 256 2175 735 2271; x_wconf 71' lang='lat' dir='ltr'>merciist„</span> <span class='ocrx_word' id='word_1_94' title='bbox 778 2200 940 2256; x_wconf 87' lang='lat' dir='ltr'>nec</span> <span class='ocrx_word' id='word_1_95' title='bbox 1002 2171 1486 2254; x_wconf 78' lang='lat' dir='ltr'>defuerunt</span> <span class='ocrx_word' id='word_1_96' title='bbox 1535 2175 1693 2281; x_wconf 84' lang='lat' dir='ltr'>qui</span> <span class='ocrx_word' id='word_1_97' title='bbox 1730 2177 2006 2284; x_wconf 85' lang='lat' dir='ltr'>perti-</span> 
     </span>
     <span class='ocr_line' id='line_1_19' title="bbox 138 2277 2010 2368; baseline 0 -1"><span class='ocrx_word' id='word_1_98' title='bbox 138 2284 595 2368; x_wconf 83' lang='lat' dir='ltr'>nacissime</span> <span class='ocrx_word' id='word_1_99' title='bbox 644 2289 1035 2360; x_wconf 72' lang='lat' dir='ltr'>astruant</span> <span class='ocrx_word' id='word_1_100' title='bbox 1068 2277 1338 2364; x_wconf 84' lang='lat' dir='ltr'>Jllum</span> <span class='ocrx_word' id='word_1_101' title='bbox 1375 2307 1572 2362; x_wconf 88' lang='lat' dir='ltr'>cum</span> <span class='ocrx_word' id='word_1_102' title='bbox 1605 2281 2010 2367; x_wconf 85' lang='lat' dir='ltr'>hostibus</span> 
     </span>
     <span class='ocr_line' id='line_1_20' title="bbox 140 2386 2091 2501; baseline -0.002 -25"><span class='ocrx_word' id='word_1_103' title='bbox 140 2396 255 2476; x_wconf 84' lang='lat' dir='ltr'>de</span> <span class='ocrx_word' id='word_1_104' title='bbox 302 2388 773 2501; x_wconf 84' lang='lat' dir='ltr'>prodendo</span> <span class='ocrx_word' id='word_1_105' title='bbox 834 2386 1239 2471; x_wconf 79' lang='lat' dir='ltr'>exercitu</span> <span class='ocrx_word' id='word_1_106' title='bbox 1291 2389 1764 2499; x_wconf 83' lang='lat' dir='ltr'>pepegisse.</span> <span class='ocrx_word' id='word_1_107' title='bbox 1879 2393 2012 2473; x_wconf 87' lang='lat' dir='ltr'>At</span> <span class='ocrx_word' id='word_1_108' title='bbox 2081 2393 2091 2400; x_wconf 82' lang='grc'><strong>’</strong></span> 
     </span>
     <span class='ocr_line' id='line_1_21' title="bbox 138 2493 2012 2599; baseline -0.012 -14"><span class='ocrx_word' id='word_1_109' title='bbox 138 2527 365 2584; x_wconf 77' lang='lat' dir='ltr'>vero</span> <span class='ocrx_word' id='word_1_110' title='bbox 426 2498 593 2580; x_wconf 81' lang='lat' dir='ltr'>Vir</span> <span class='ocrx_word' id='word_1_111' title='bbox 659 2493 956 2578; x_wconf 83' lang='lat' dir='ltr'>Fortis</span> <span class='ocrx_word' id='word_1_112' title='bbox 1014 2521 1110 2576; x_wconf 86' lang='lat' dir='ltr'>ac</span> <span class='ocrx_word' id='word_1_113' title='bbox 1165 2493 1729 2599; x_wconf 74' lang='lat' dir='ltr'>Jndustrius,</span> <span class='ocrx_word' id='word_1_114' title='bbox 1808 2495 2012 2584; x_wconf 71' lang='lat'>1110-</span> 
     </span>
     <span class='ocr_line' id='line_1_22' title="bbox 140 2603 2010 2714; baseline -0.002 -23"><span class='ocrx_word' id='word_1_115' title='bbox 140 2635 356 2691; x_wconf 78' lang='lat' dir='ltr'>rum</span> <span class='ocrx_word' id='word_1_116' title='bbox 394 2605 631 2688; x_wconf 79' lang='lat' dir='ltr'>dicta</span> <span class='ocrx_word' id='word_1_117' title='bbox 670 2603 1159 2711; x_wconf 84' lang='lat' dir='ltr'>prudenter</span> <span class='ocrx_word' id='word_1_118' title='bbox 1202 2617 1669 2705; x_wconf 81' lang='lat' dir='ltr'>extenuat,</span> <span class='ocrx_word' id='word_1_119' title='bbox 1730 2631 1950 2714; x_wconf 87' lang='lat' dir='ltr'>quae</span> <span class='ocrx_word' id='word_1_120' title='bbox 1978 2653 2010 2669; x_wconf 77' lang='lat'>‹-</span> 
     </span>
     <span class='ocr_line' id='line_1_23' title="bbox 146 2708 2012 2820; baseline 0 -21"><span class='ocrx_word' id='word_1_121' title='bbox 146 2717 355 2800; x_wconf 81' lang='lat' dir='ltr'>dam</span> <span class='ocrx_word' id='word_1_122' title='bbox 413 2708 969 2820; x_wconf 77' lang='lat' dir='ltr'>equanimius</span> <span class='ocrx_word' id='word_1_123' title='bbox 1041 2710 1479 2795; x_wconf 82' lang='lat' dir='ltr'>toleratur</span> <span class='ocrx_word' id='word_1_124' title='bbox 1505 2773 1528 2811; x_wconf 90' lang='lat'>‚</span> <span class='ocrx_word' id='word_1_125' title='bbox 1591 2713 2012 2800; x_wconf 81' lang='lat' dir='ltr'>nonnulla</span> 
     </span>
     <span class='ocr_line' id='line_1_24' title="bbox 146 2812 2011 2918; baseline -0.001 -11"><span class='ocrx_word' id='word_1_126' title='bbox 146 2819 683 2918; x_wconf 84' lang='lat' dir='ltr'>dissimulat,</span> <span class='ocrx_word' id='word_1_127' title='bbox 746 2845 856 2898; x_wconf 90' lang='lat' dir='ltr'>ne</span> <span class='ocrx_word' id='word_1_128' title='bbox 896 2812 1512 2903; x_wconf 86' lang='lat' dir='ltr'>seditionarius</span> <span class='ocrx_word' id='word_1_129' title='bbox 1565 2846 1704 2902; x_wconf 75' lang='lat' dir='ltr'>mn</span> <span class='ocrx_word' id='word_1_130' title='bbox 1765 2821 1834 2904; x_wconf 87' lang='lat' dir='ltr'>’s</span> <span class='ocrx_word' id='word_1_131' title='bbox 1883 2825 2011 2906; x_wconf 59' lang='lat' dir='ltr'>vi-</span> 
     </span>
     <span class='ocr_line' id='line_1_25' title="bbox 146 2849 2014 3040; baseline 0.001 -26"><span class='ocrx_word' id='word_1_132' title='bbox 146 2933 503 3028; x_wconf 82' lang='lat' dir='ltr'>deatur,</span> <span class='ocrx_word' id='word_1_133' title='bbox 596 2953 861 3034; x_wconf 86' lang='lat' dir='ltr'>quam</span> <span class='ocrx_word' id='word_1_134' title='bbox 942 2928 1442 3012; x_wconf 82' lang='lat' dir='ltr'>eommunis</span> <span class='ocrx_word' id='word_1_135' title='bbox 1535 2849 2014 3040; x_wconf 54' lang='grc' dir='ltr'>Οοαὲιῇιιῐοι·</span> 
     </span>
     <span class='ocr_line' id='line_1_26' title="bbox 144 3034 609 3149; baseline -0.013 -29"><span class='ocrx_word' id='word_1_136' title='bbox 144 3034 609 3149; x_wconf 85' lang='lat' dir='ltr'>propositi.</span> 
     </span>
    </p>

    <p class='ocr_par' dir='ltr' id='par_1_4' title="bbox 256 3139 2006 3249">
     <span class='ocr_line' id='line_1_27' title="bbox 256 3139 2006 3249; baseline 0.002 -21"><span class='ocrx_word' id='word_1_137' title='bbox 256 3163 261 3170; x_wconf 86' lang='grc'><em>·</em></span> <span class='ocrx_word' id='word_1_138' title='bbox 352 3141 736 3228; x_wconf 73' lang='lat' dir='ltr'>Advolat</span> <span class='ocrx_word' id='word_1_139' title='bbox 770 3139 1109 3224; x_wconf 77' lang='lat' dir='ltr'>interea</span> <span class='ocrx_word' id='word_1_140' title='bbox 1166 3143 1526 3249; x_wconf 85' lang='lat' dir='ltr'>quidam</span> <span class='ocrx_word' id='word_1_141' title='bbox 1581 3146 1953 3232; x_wconf 75' lang='lat' dir='ltr'>velitum</span> <span class='ocrx_word' id='word_1_142' title='bbox 1981 3212 2006 3249; x_wconf 92' lang='lat'>,</span> 
     </span>
    </p>

    <p class='ocr_par' dir='ltr' id='par_1_5' title="bbox 68 3248 2016 3368">
     <span class='ocr_line' id='line_1_28' title="bbox 68 3248 2016 3368; baseline 0.004 -36"><span class='ocrx_word' id='word_1_143' title='bbox 68 3321 77 3332; x_wconf 83' lang='grc'><em>,</em></span> <span class='ocrx_word' id='word_1_144' title='bbox 152 3253 532 3368; x_wconf 53' lang='lat' dir='ltr'>quignon</span> <span class='ocrx_word' id='word_1_145' title='bbox 593 3277 863 3358; x_wconf 81' lang='lat' dir='ltr'>pauca</span> <span class='ocrx_word' id='word_1_146' title='bbox 943 3248 1332 3333; x_wconf 80' lang='lat' dir='ltr'>hostium</span> <span class='ocrx_word' id='word_1_147' title='bbox 1392 3251 1778 3362; x_wconf 79' lang='lat' dir='ltr'>agmina,</span> <span class='ocrx_word' id='word_1_148' title='bbox 1824 3283 2016 3342; x_wconf 86' lang='lat' dir='ltr'>non</span> 
     </span>
    </p>

    <p class='ocr_par' dir='ltr' id='par_1_6' title="bbox 147 3357 2010 3554">
     <span class='ocr_line' id='line_1_29' title="bbox 147 3357 2010 3489; baseline 0.001 -43"><span class='ocrx_word' id='word_1_149' title='bbox 147 3360 678 3472; x_wconf 76' lang='lat' dir='ltr'>prenunciat</span> <span class='ocrx_word' id='word_1_150' title='bbox 723 3357 1129 3468; x_wconf 81' lang='lat' dir='ltr'>quidem,</span> <span class='ocrx_word' id='word_1_151' title='bbox 1186 3359 1339 3446; x_wconf 81' lang='lat' dir='ltr'>sed</span> <span class='ocrx_word' id='word_1_152' title='bbox 1388 3361 1792 3448; x_wconf 86' lang='lat' dir='ltr'>cominus</span> <span class='ocrx_word' id='word_1_153' title='bbox 1842 3364 2010 3489; x_wconf 76' lang='lat' dir='ltr'>im-</span> 
     </span>
     <span class='ocr_line' id='line_1_30' title="bbox 343 3495 1907 3554; baseline 0.002 -20"><span class='ocrx_word' id='word_1_154' title='bbox 343 3519 375 3534; x_wconf 86' lang='lat'>.-</span> <span class='ocrx_word' id='word_1_155' title='bbox 1743 3495 1907 3554; x_wconf 74' lang='lat' dir='ltr'>ml·</span> 
     </span>
    </p>
   </div>
  </div>
 </body>
</html>
