2440 3931
17 2460 20 2469 -
17 2218 26 2451 ---†.-.„„„.

1905 233 2056 288 210

155 421 515 506 cidisse
539 483 559 519 ‚
596 435 695 502 'et
740 419 1131 517 hostium,
1168 417 1546 502 vin-culis
1568 419 2058 510 Boleslaum

160 531 705 638 conjectum.
822 585 825 590 -
1010 601 1017 606 .

230 635 241 642 ’
401 638 685 740 Huius
740 633 1133 743 figmenti
1192 651 1284 718 et
1319 635 1670 719 Author
1735 651 1818 716 et
1875 637 2056 718 Ma-

163 747 459 854 gister
504 745 681 826 iuit
723 743 1316 828 Gniewomir:
1379 745 1522 826 cui
1564 742 2052 852 plurimum

164 850 993 952 facundiae,‘nihil
1070 853 1360 932 inerat
1435 851 1732 948 Fidei3
1804 856 2048 958 eujus

164 965 416 1044 vitae
470 958 913 1041 Bolesla'us
952 959 1053 1040 in
1098 959 1618 1040 Albensium
1665 958 2050 1044 occidio-

170 1099 289 1152 ne
322 1066 774 1185 pepercit,
816 1093 1077 1176 quem
1138 1066 1246 1149 de
1290 1067 1554 1150 Sacro
1612 1067 1858 1190 fonte
1915 1097 2051 1152 su-

1764 1202 1994 1266 566·ἢ

174 1411 333 1452 rum
381 1391 788 1452 locustarum
830 1407 1021 1448 omne
1064 1387 1352 1470 pianum‘
1381 1387 1766 1472 operientia.
1845 1389 2052 1474 Quod

171 1473 369 1538 inico
386 1475 729 1538 Boleslaus
756 1469 1117 1535 advertens.
1159 1469 1408 1554 „rideo
1441 1475 1657 1560 inquit
1685 1477 2048 1540 oProceres

179 1605 231 1641 „
280 1565 570 1644 Capreas
637 1557 904 1624 nostris„
935 1579 1071 1620 non
1138 1557 1386 1626 invisas
1440 1560 1796 1624 leunculis!
1823 1605 1874 1636 ,‚
1917 1561 2045 1626 hoe

189 1644 373 1708 dicto
399 1645 540 1730 ipse
586 1645 863 1730 primus,
886 1644 1130 1718 assilitz
1166 1644 1400 1711 deinde
1429 1644 1701 1708 militiae
1731 1643 2046 1730 Princeps

188 1730 391 1792 irruit
441 1728 891 1802 scarbimirus
943 1730 1193 1816 (auget
1245 1729 1578 1796 Leonibus
1625 1730 1862 1794 famem
1907 1733 2043 1794 ani-

185 1816 488 1895 mositas,
522 1819 730 1881 fames
777 1815 1256 1898 animositatem
1295 1816 1584 1897 invitat)
1625 1816 1846 1881 hostes
1883 1837 2042 1902 pro-

182 1905 487 1968 sternunt
508 1902 844 1969 trucidant
873 1917 936 1965 et
986 1917 1322 1967 enervant.
1360 1901 1832 1988 (Dedignatur
1865 1901 2040 1967 enim

176 1992 479 2053 Leonum
538 1988 939 2075 generositas
992 1988 1217 2075 gregis
1255 1987 1604 2055 imbecillis
1657 1988 2044 2077 sanguinem

173 2076 479 2163 lingere,
515 2081 653 2142 sola
690 2074 1103 2147 Cadaverum
1143 2088 1361 2159 strage
1399 2073 1814 2153 delectatur)
1843 2089 2040 2163 turpe

173 2177 435 2247 putant.
484 2164 795 2227 Lechitae
873 2162 1195 2225 hostium·
1250 2159 1619 2242 occidione!
1671 2162 2040 2245 intermissa

86 2288 90 2291 ·
177 2248 419 2335 spoliis
458 2248 774 2335 occupari
825 2246 1185 2331 sacrilegis.

388 2332 577 2419 Quid
622 2358 784 2419 ergo
828 2334 1073 2419 linguis
1130 2331 1478 2403 hominum
1522 2335 1817 2423 loquar?
1888 2357 2040 2401 eum

172 2444 297 2489 nec
347 2433 563 2483 tantae
598 2420 831 2487 Caedis
883 2418 1152 2483 modum
1187 2416 1414 2483 verbis
1451 2441 1803 2508 assequar:
1881 2422 2037 2509 quia

172 2528 525 2573 numerum
585 2506 957 2573 occisorum
1046 2528 1181 2569 non
1264 2508 1456 2567 aliter
1551 2514 1717 2571 scire
1820 2522 2038 2595 potest

175 2616 377 2681 quam
418 2593 469 2657 si
519 2614 744 2657 arenas
791 2592 1038 2668 maris,
1095 2604 1207 2655 sut
1263 2590 1454 2677 Coeli
1507 2596 1727 2659 stellas
1783 2594 2038 2660 miseris

176 2682 252 2744 in
304 2681 665 2745 Calculum.
758 2682 971 2763 Super
1044 2700 1177 2767 quo
1253 2678 1305 2741 si
1385 2693 1615 2763 vaeat,
1685 2680 2034 2767 algoristas

180 2768 491 2842 consule,
566 2766 704 2831 sive
748 2763 1121 2841 Abacistas‚
1194 2786 1364 2853 quos
1417 2767 1790 2829 calculandi
1834 2766 2036 2851 agitat

177 2851 469 2919 solertia.
563 2856 773 2936 Hujus
832 2850 934 2914 roi
984 2848 1181 2913 fidem
1232 2851 1426 2913 etiam
1493 2845 1690 2917 hodie
1737 2867 2036 2917 astruunt

180 2960 451 3025 aggeres
490 2943 734 3011 &instar
812 2935 1133 2999 montium
1185 2960 1271 3003 ex
1317 2936 1670 3023 inhumatis
1733 2936 2034 3004 hostibus

187 3026 505 3089 acervatiz
540 3027 741 3092 multa
774 3026 966 3089 etiam
1009 3022 1222 3085 millia
1261 3022 1392 3087 suis
1453 3024 1662 3087 vincti
1701 3030 2032 3091 loramen-

184 3111 269 3175 tis
304 3108 373 3173 in
406 3113 722 3195 Poloniae
769 3109 1061 3177 colonias
1109 3110 1464 3172 transvecti
1511 3126 1678 3173 sunt.
1734 3115 1838 3175 Ex
1874 3125 2070 3175 tune·

178 3196 386 3285 igitur
426 3198 667 3263 Nakiel
730 3213 793 3262 et
851 3198 1012 3265 aliae
1070 3217 1265 3284 quam
1316 3198 1544 3280 plures
1609 3196 1817 3264 Urbes
1879 3196 2032 3262 huie

182 3290 430 3371 Regno'
461 3288 810 3369 accessere.
2085 3284 2088 3287 ’

1753 3481 1974 3559 Causa⁹
2040 3554 2048 3561 ι
