<?xml version="1.0" encoding="UTF-8"?>
<!DOCTYPE html PUBLIC "-//W3C//DTD XHTML 1.0 Transitional//EN"
    "http://www.w3.org/TR/xhtml1/DTD/xhtml1-transitional.dtd">
<html xmlns="http://www.w3.org/1999/xhtml" xml:lang="en" lang="en">
 <head>
  <title>
</title>
<meta http-equiv="Content-Type" content="text/html;charset=utf-8" />
  <meta name='ocr-system' content='tesseract 3.04.00' />
  <meta name='ocr-capabilities' content='ocr_page ocr_carea ocr_par ocr_line ocrx_word'/>
</head>
<body>
  <div class='ocr_page' id='page_1' title='image "./resgestaeprinci00chrogoog_0407.png"; bbox 0 0 2440 3931; ppageno 0'>
   <div class='ocr_carea' id='block_1_1' title="bbox 350 184 455 269">
    <p class='ocr_par' dir='ltr' id='par_1_1' title="bbox 350 184 455 269">
     <span class='ocr_line' id='line_1_1' title="bbox 350 184 455 269; baseline -0.019 0"><span class='ocrx_word' id='word_1_1' title='bbox 350 184 455 269; x_wconf 86' lang='grc'>60</span> 
     </span>
    </p>
   </div>
   <div class='ocr_carea' id='block_1_2' title="bbox 30 399 2318 3511">
    <p class='ocr_par' dir='ltr' id='par_1_2' title="bbox 30 399 2318 3511">
     <span class='ocr_line' id='line_1_2' title="bbox 284 399 2226 511; baseline 0.002 -28"><span class='ocrx_word' id='word_1_2' title='bbox 284 497 299 511; x_wconf 36' lang='lat'><em>⁰</em></span> <span class='ocrx_word' id='word_1_3' title='bbox 342 464 399 507; x_wconf 84' lang='lat'>‚,</span> <span class='ocrx_word' id='word_1_4' title='bbox 458 402 911 485; x_wconf 85' lang='lat' dir='ltr'>solatium:</span> <span class='ocrx_word' id='word_1_5' title='bbox 949 400 1121 487; x_wconf 86' lang='lat' dir='ltr'>hoo</span> <span class='ocrx_word' id='word_1_6' title='bbox 1146 412 1406 511; x_wconf 86' lang='lat' dir='ltr'>pacto</span> <span class='ocrx_word' id='word_1_7' title='bbox 1432 399 1729 486; x_wconf 85' lang='lat' dir='ltr'>iniisse</span> <span class='ocrx_word' id='word_1_8' title='bbox 1757 400 2226 486; x_wconf 81' lang='lat' dir='ltr'>universae</span> 
     </span>
     <span class='ocr_line' id='line_1_3' title="bbox 30 496 2221 617; baseline 0 -24"><span class='ocrx_word' id='word_1_9' title='bbox 30 496 404 613; x_wconf 49' lang='lat' dir='ltr'>barm-‘0³¹2</span> <span class='ocrx_word' id='word_1_10' title='bbox 462 516 760 617; x_wconf 67' lang='lat' dir='ltr'>iurant</span> <span class='ocrx_word' id='word_1_11' title='bbox 820 508 1085 594; x_wconf 84' lang='lat' dir='ltr'>finem</span> <span class='ocrx_word' id='word_1_12' title='bbox 1144 514 1838 608; x_wconf 80' lang='lat' dir='ltr'>controversiae3</span> <span class='ocrx_word' id='word_1_13' title='bbox 1921 510 2221 593; x_wconf 83' lang='lat' dir='ltr'>Caete-</span> 
     </span>
     <span class='ocr_line' id='line_1_4' title="bbox 30 588 2220 721; baseline 0.001 -19"><span class='ocrx_word' id='word_1_14' title='bbox 30 588 209 663; x_wconf 51' lang='lat' dir='ltr'>‘moe</span> <span class='ocrx_word' id='word_1_15' title='bbox 344 682 395 721; x_wconf 55' lang='lat'>2,</span> <span class='ocrx_word' id='word_1_16' title='bbox 454 650 659 702; x_wconf 88' lang='lat' dir='ltr'>rum</span> <span class='ocrx_word' id='word_1_17' title='bbox 740 616 1256 702; x_wconf 81' lang='lat' dir='ltr'>Kazimirus</span> <span class='ocrx_word' id='word_1_18' title='bbox 1347 618 2000 703; x_wconf 83' lang='lat' dir='ltr'>deliberatoriis</span> <span class='ocrx_word' id='word_1_19' title='bbox 2083 650 2220 704; x_wconf 87' lang='lat' dir='ltr'>re·</span> 
     </span>
     <span class='ocr_line' id='line_1_5' title="bbox 342 726 1894 839; baseline -0.003 -28"><span class='ocrx_word' id='word_1_20' title='bbox 342 790 397 831; x_wconf 83' lang='lat'>„</span> <span class='ocrx_word' id='word_1_21' title='bbox 460 754 875 839; x_wconf 87' lang='lat' dir='ltr'>sponsum</span> <span class='ocrx_word' id='word_1_22' title='bbox 910 726 1298 811; x_wconf 81' lang='lat' dir='ltr'>induciis</span> <span class='ocrx_word' id='word_1_23' title='bbox 1333 726 1894 835; x_wconf 82' lang='lat' dir='ltr'>suspendit.‚‚</span> 
     </span>
     <span class='ocr_line' id='line_1_6' title="bbox 550 832 2216 923; baseline -0.005 0"><span class='ocrx_word' id='word_1_24' title='bbox 550 835 931 923; x_wconf 71' lang='lat' dir='ltr'>,Interim</span> <span class='ocrx_word' id='word_1_25' title='bbox 971 834 1121 921; x_wconf 84' lang='lat' dir='ltr'>Jlli</span> <span class='ocrx_word' id='word_1_26' title='bbox 1168 832 1630 917; x_wconf 83' lang='lat' dir='ltr'>Lestkonis</span> <span class='ocrx_word' id='word_1_27' title='bbox 1679 832 2216 919; x_wconf 83' lang='lat' dir='ltr'>Procurato-</span> 
     </span>
     <span class='ocr_line' id='line_1_7' title="bbox 341 942 2217 1053; baseline -0.001 -26"><span class='ocrx_word' id='word_1_28' title='bbox 341 972 527 1027; x_wconf 87' lang='lat' dir='ltr'>rem</span> <span class='ocrx_word' id='word_1_29' title='bbox 576 972 670 1025; x_wconf 86' lang='lat' dir='ltr'>ac</span> <span class='ocrx_word' id='word_1_30' title='bbox 712 944 1088 1027; x_wconf 84' lang='lat' dir='ltr'>Militiae</span> <span class='ocrx_word' id='word_1_31' title='bbox 1130 942 1644 1049; x_wconf 76' lang='lat' dir='ltr'>Principem</span> <span class='ocrx_word' id='word_1_32' title='bbox 1672 1004 1692 1041; x_wconf 90' lang='lat'>‚</span> <span class='ocrx_word' id='word_1_33' title='bbox 1741 948 1988 1041; x_wconf 79' lang='lat' dir='ltr'>ouius</span> <span class='ocrx_word' id='word_1_34' title='bbox 2008 970 2217 1053; x_wconf 86' lang='lat' dir='ltr'>pru-</span> 
     </span>
     <span class='ocr_line' id='line_1_8' title="bbox 342 1050 2210 1158; baseline -0.001 -23"><span class='ocrx_word' id='word_1_35' title='bbox 342 1052 639 1135; x_wconf 85' lang='lat' dir='ltr'>dentia</span> <span class='ocrx_word' id='word_1_36' title='bbox 684 1066 926 1133; x_wconf 86' lang='lat' dir='ltr'>totus</span> <span class='ocrx_word' id='word_1_37' title='bbox 988 1050 1237 1137; x_wconf 83' lang='lat' dir='ltr'>Jllius</span> <span class='ocrx_word' id='word_1_38' title='bbox 1309 1050 1779 1158; x_wconf 80' lang='lat' dir='ltr'>regebatur</span> <span class='ocrx_word' id='word_1_39' title='bbox 1819 1050 2210 1134; x_wconf 78' lang='lat' dir='ltr'>&#39;Princi-</span> 
     </span>
     <span class='ocr_line' id='line_1_9' title="bbox 334 1157 2318 1267; baseline 0.001 -28"><span class='ocrx_word' id='word_1_40' title='bbox 334 1176 582 1267; x_wconf 83' lang='lat' dir='ltr'>patus</span> <span class='ocrx_word' id='word_1_41' title='bbox 606 1221 627 1259; x_wconf 80' lang='lat'><strong>‚</strong></span> <span class='ocrx_word' id='word_1_42' title='bbox 654 1174 983 1241; x_wconf 82' lang='lat' dir='ltr'>secreta</span> <span class='ocrx_word' id='word_1_43' title='bbox 1020 1157 1600 1241; x_wconf 82' lang='lat' dir='ltr'>collocutione</span> <span class='ocrx_word' id='word_1_44' title='bbox 1635 1162 2206 1261; x_wconf 78' lang='lat' dir='ltr'>conveniunt,</span> <span class='ocrx_word' id='word_1_45' title='bbox 2297 1224 2318 1229; x_wconf 85' lang='lat'><em>-</em></span> 
     </span>
     <span class='ocr_line' id='line_1_10' title="bbox 336 1266 2207 1375; baseline 0.002 -28"><span class='ocrx_word' id='word_1_46' title='bbox 336 1291 529 1350; x_wconf 85' lang='lat' dir='ltr'>rem</span> <span class='ocrx_word' id='word_1_47' title='bbox 616 1266 865 1375; x_wconf 88' lang='lat' dir='ltr'>quasi</span> <span class='ocrx_word' id='word_1_48' title='bbox 922 1281 1206 1349; x_wconf 84' lang='lat' dir='ltr'>ratam</span> <span class='ocrx_word' id='word_1_49' title='bbox 1279 1296 1320 1347; x_wconf 85' lang='lat' dir='ltr'>a</span> <span class='ocrx_word' id='word_1_50' title='bbox 1379 1266 1819 1347; x_wconf 78' lang='lat' dir='ltr'>Kazimiro</span> <span class='ocrx_word' id='word_1_51' title='bbox 1899 1268 2207 1350; x_wconf 85' lang='lat' dir='ltr'>haberi</span> 
     </span>
     <span class='ocr_line' id='line_1_11' title="bbox 336 1372 2194 1489; baseline -0.001 -32"><span class='ocrx_word' id='word_1_52' title='bbox 336 1376 749 1489; x_wconf 82' lang='lat' dir='ltr'>detegunt</span> <span class='ocrx_word' id='word_1_53' title='bbox 768 1434 791 1475; x_wconf 90' lang='lat'><strong>,</strong></span> <span class='ocrx_word' id='word_1_54' title='bbox 816 1374 821 1379; x_wconf 70' lang='grc'><strong><em>’</em></strong></span> <span class='ocrx_word' id='word_1_55' title='bbox 844 1376 1408 1457; x_wconf 84' lang='lat' dir='ltr'>mentiuntur</span> <span class='ocrx_word' id='word_1_56' title='bbox 1457 1372 2017 1456; x_wconf 85' lang='lat' dir='ltr'>Kazimirum</span> <span class='ocrx_word' id='word_1_57' title='bbox 2067 1401 2194 1457; x_wconf 85' lang='lat' dir='ltr'>ae·</span> 
     </span>
     <span class='ocr_line' id='line_1_12' title="bbox 332 1482 2186 1593; baseline -0.001 -26"><span class='ocrx_word' id='word_1_58' title='bbox 332 1485 762 1583; x_wconf 72' lang='lat' dir='ltr'>grotantis</span> <span class='ocrx_word' id='word_1_59' title='bbox 828 1483 1183 1593; x_wconf 82' lang='lat' dir='ltr'>nepotis</span> <span class='ocrx_word' id='word_1_60' title='bbox 1241 1482 1787 1591; x_wconf 78' lang='lat' dir='ltr'>possessione</span> <span class='ocrx_word' id='word_1_61' title='bbox 1844 1482 2186 1565; x_wconf 81' lang='lat' dir='ltr'>faedera</span> 
     </span>
     <span class='ocr_line' id='line_1_13' title="bbox 330 1588 2192 1700; baseline -0.001 -27"><span class='ocrx_word' id='word_1_62' title='bbox 330 1590 669 1675; x_wconf 82' lang='lat' dir='ltr'>Fratris</span> <span class='ocrx_word' id='word_1_63' title='bbox 736 1591 1109 1674; x_wconf 86' lang='lat' dir='ltr'>mercari</span> <span class='ocrx_word' id='word_1_64' title='bbox 1172 1588 1639 1689; x_wconf 84' lang='lat' dir='ltr'>„delibera</span> <span class='ocrx_word' id='word_1_65' title='bbox 1711 1588 2192 1700; x_wconf 82' lang='lat' dir='ltr'>inquiunt,</span> 
     </span>
     <span class='ocr_line' id='line_1_14' title="bbox 334 1698 2205 1811; baseline 0.001 -30"><span class='ocrx_word' id='word_1_66' title='bbox 334 1762 390 1799; x_wconf 80' lang='lat'>‚,</span> <span class='ocrx_word' id='word_1_67' title='bbox 454 1699 673 1811; x_wconf 87' lang='lat' dir='ltr'>quid</span> <span class='ocrx_word' id='word_1_68' title='bbox 710 1700 964 1809; x_wconf 79' lang='lat' dir='ltr'>eligas</span> <span class='ocrx_word' id='word_1_69' title='bbox 992 1698 1031 1777; x_wconf 69' lang='grc' dir='ltr'>ἰ)</span> <span class='ocrx_word' id='word_1_70' title='bbox 1072 1724 1280 1781; x_wconf 89' lang='lat' dir='ltr'>nam</span> <span class='ocrx_word' id='word_1_71' title='bbox 1312 1700 1384 1811; x_wconf 87' lang='lat' dir='ltr'>si</span> <span class='ocrx_word' id='word_1_72' title='bbox 1421 1698 1927 1803; x_wconf 87' lang='lat' dir='ltr'>consentis(</span> <span class='ocrx_word' id='word_1_73' title='bbox 1954 1700 2205 1806; x_wconf 77' lang='lat' dir='ltr'>quod</span> 
     </span>
     <span class='ocr_line' id='line_1_15' title="bbox 330 1805 2201 1932; baseline -0.001 -41"><span class='ocrx_word' id='word_1_74' title='bbox 330 1869 384 1910; x_wconf 83' lang='lat'>‚,</span> <span class='ocrx_word' id='word_1_75' title='bbox 446 1808 735 1932; x_wconf 66' lang='lat' dir='ltr'>absit)</span> <span class='ocrx_word' id='word_1_76' title='bbox 778 1806 1292 1891; x_wconf 75' lang='lat' dir='ltr'>conditione</span> <span class='ocrx_word' id='word_1_77' title='bbox 1326 1805 1660 1914; x_wconf 85' lang='lat' dir='ltr'>Pupilli</span> <span class='ocrx_word' id='word_1_78' title='bbox 1719 1812 2201 1907; x_wconf 78' lang='lat' dir='ltr'>contraius</span> 
     </span>
     <span class='ocr_line' id='line_1_16' title="bbox 329 1913 2197 2028; baseline -0.001 -28"><span class='ocrx_word' id='word_1_79' title='bbox 329 1977 381 2020; x_wconf 83' lang='lat'>,‚</span> <span class='ocrx_word' id='word_1_80' title='bbox 447 1916 888 2005; x_wconf 81' lang='lat' dir='ltr'>deterlore</span> <span class='ocrx_word' id='word_1_81' title='bbox 944 1913 1172 1998; x_wconf 80' lang='lat' dir='ltr'>faeta</span> <span class='ocrx_word' id='word_1_82' title='bbox 1198 1975 1223 2015; x_wconf 86' lang='lat'>,</span> <span class='ocrx_word' id='word_1_83' title='bbox 1265 1914 1387 1997; x_wconf 85' lang='lat' dir='ltr'>Te</span> <span class='ocrx_word' id='word_1_84' title='bbox 1423 1913 1722 2028; x_wconf 86' lang='lat' dir='ltr'>ipsum</span> <span class='ocrx_word' id='word_1_85' title='bbox 1768 1913 1965 2024; x_wconf 84' lang='lat' dir='ltr'>ipso</span> <span class='ocrx_word' id='word_1_86' title='bbox 2007 1916 2197 2022; x_wconf 82' lang='lat' dir='ltr'>jure</span> 
     </span>
     <span class='ocr_line' id='line_1_17' title="bbox 325 2023 2198 2126; baseline 0.001 -21"><span class='ocrx_word' id='word_1_87' title='bbox 325 2083 381 2126; x_wconf 88' lang='lat'>‚‚</span> <span class='ocrx_word' id='word_1_88' title='bbox 443 2052 487 2105; x_wconf 89' lang='lat' dir='ltr'>a</span> <span class='ocrx_word' id='word_1_89' title='bbox 554 2023 828 2108; x_wconf 84' lang='lat' dir='ltr'>tutela</span> <span class='ocrx_word' id='word_1_90' title='bbox 902 2024 1414 2107; x_wconf 79' lang='lat' dir='ltr'>submoves:</span> <span class='ocrx_word' id='word_1_91' title='bbox 1493 2024 1630 2105; x_wconf 88' lang='lat' dir='ltr'>sin</span> <span class='ocrx_word' id='word_1_92' title='bbox 1700 2038 1990 2104; x_wconf 82' lang='lat' dir='ltr'>autem</span> <span class='ocrx_word' id='word_1_93' title='bbox 2065 2052 2198 2106; x_wconf 88' lang='lat' dir='ltr'>re-</span> 
     </span>
     <span class='ocr_line' id='line_1_18' title="bbox 323 2128 2196 2234; baseline 0 -20"><span class='ocrx_word' id='word_1_94' title='bbox 323 2194 380 2234; x_wconf 86' lang='lat'><strong>„</strong></span> <span class='ocrx_word' id='word_1_95' title='bbox 440 2131 639 2214; x_wconf 87' lang='lat' dir='ltr'>nuis</span> <span class='ocrx_word' id='word_1_96' title='bbox 663 2130 1284 2215; x_wconf 78' lang='lat' dir='ltr'>inextricabili</span> <span class='ocrx_word' id='word_1_97' title='bbox 1303 2128 1812 2212; x_wconf 86' lang='lat' dir='ltr'>hostilitatis</span> <span class='ocrx_word' id='word_1_98' title='bbox 1837 2129 2196 2214; x_wconf 87' lang='lat' dir='ltr'>labirin-</span> 
     </span>
     <span class='ocr_line' id='line_1_19' title="bbox 319 2237 2192 2350; baseline -0.001 -30"><span class='ocrx_word' id='word_1_99' title='bbox 319 2304 376 2343; x_wconf 82' lang='lat'>‚,</span> <span class='ocrx_word' id='word_1_100' title='bbox 446 2241 602 2322; x_wconf 80' lang='lat' dir='ltr'>tho</span> <span class='ocrx_word' id='word_1_101' title='bbox 644 2238 771 2320; x_wconf 71' lang='grc' dir='ltr'>ΤΘ</span> <span class='ocrx_word' id='word_1_102' title='bbox 814 2239 1057 2350; x_wconf 85' lang='lat' dir='ltr'>apud</span> <span class='ocrx_word' id='word_1_103' title='bbox 1102 2237 1668 2334; x_wconf 78' lang='lat' dir='ltr'>Kazimirum</span> <span class='ocrx_word' id='word_1_104' title='bbox 1731 2238 2124 2338; x_wconf 72' lang='lat' dir='ltr'>involvis</span> <span class='ocrx_word' id='word_1_105' title='bbox 2154 2239 2192 2318; x_wconf 76' lang='grc' dir='ltr'>ἱ)</span> 
     </span>
     <span class='ocr_line' id='line_1_20' title="bbox 316 2345 2193 2474; baseline -0.001 -45"><span class='ocrx_word' id='word_1_106' title='bbox 316 2411 372 2448; x_wconf 83' lang='grc'>,,</span> <span class='ocrx_word' id='word_1_107' title='bbox 433 2375 637 2430; x_wconf 84' lang='lat' dir='ltr'>nam</span> <span class='ocrx_word' id='word_1_108' title='bbox 716 2347 1011 2432; x_wconf 88' lang='lat' dir='ltr'>Mesco</span> <span class='ocrx_word' id='word_1_109' title='bbox 1091 2345 1274 2474; x_wconf 72' lang='lat' dir='ltr'>tam</span> <span class='ocrx_word' id='word_1_110' title='bbox 1331 2347 1640 2456; x_wconf 79' lang='lat' dir='ltr'>iniqua</span> <span class='ocrx_word' id='word_1_111' title='bbox 1701 2347 2020 2444; x_wconf 84' lang='lat' dir='ltr'>horret</span> <span class='ocrx_word' id='word_1_112' title='bbox 2069 2362 2193 2428; x_wconf 82' lang='lat' dir='ltr'>ta·</span> 
     </span>
     <span class='ocr_line' id='line_1_21' title="bbox 320 2455 2190 2566; baseline 0 -30"><span class='ocrx_word' id='word_1_113' title='bbox 320 2519 372 2558; x_wconf 82' lang='lat'>‚,</span> <span class='ocrx_word' id='word_1_114' title='bbox 436 2481 651 2540; x_wconf 82' lang='lat' dir='ltr'>xare</span> <span class='ocrx_word' id='word_1_115' title='bbox 696 2479 1258 2546; x_wconf 71' lang='lat' dir='ltr'>commerclat</span> <span class='ocrx_word' id='word_1_116' title='bbox 1311 2455 1698 2558; x_wconf 80' lang='lat' dir='ltr'>cujus,si</span> <span class='ocrx_word' id='word_1_117' title='bbox 1733 2455 1991 2564; x_wconf 77' lang='lat' dir='ltr'>sapiS,</span> <span class='ocrx_word' id='word_1_118' title='bbox 2045 2482 2190 2566; x_wconf 84' lang='lat' dir='ltr'>pa-</span> 
     </span>
     <span class='ocr_line' id='line_1_22' title="bbox 318 2563 2024 2670; baseline -0.001 -26"><span class='ocrx_word' id='word_1_119' title='bbox 318 2626 376 2668; x_wconf 81' lang='lat'><strong>„</strong></span> <span class='ocrx_word' id='word_1_120' title='bbox 444 2563 833 2657; x_wconf 79' lang='lat' dir='ltr'>trooinio</span> <span class='ocrx_word' id='word_1_121' title='bbox 887 2577 1131 2645; x_wconf 84' lang='lat' dir='ltr'>tutus</span> <span class='ocrx_word' id='word_1_122' title='bbox 1186 2563 1358 2643; x_wconf 88' lang='lat' dir='ltr'>eris</span> <span class='ocrx_word' id='word_1_123' title='bbox 1407 2566 1515 2644; x_wconf 86' lang='lat' dir='ltr'>de</span> <span class='ocrx_word' id='word_1_124' title='bbox 1557 2578 2024 2670; x_wconf 61' lang='lat' dir='ltr'>utroque„</span> 
     </span>
     <span class='ocr_line' id='line_1_23' title="bbox 524 2659 2208 2778; baseline 0.001 -28"><span class='ocrx_word' id='word_1_125' title='bbox 524 2673 803 2778; x_wconf 81' lang='lat' dir='ltr'>Igitur</span> <span class='ocrx_word' id='word_1_126' title='bbox 865 2669 1190 2754; x_wconf 85' lang='lat' dir='ltr'>Lestko</span> <span class='ocrx_word' id='word_1_127' title='bbox 1247 2684 1502 2753; x_wconf 79' lang='lat' dir='ltr'>suasu</span> <span class='ocrx_word' id='word_1_128' title='bbox 1557 2659 2208 2766; x_wconf 64' lang='lat' dir='ltr'>Procu&#39;ratoris-</span> 
     </span>
     <span class='ocr_line' id='line_1_24' title="bbox 318 2777 2214 2888; baseline 0 -26"><span class='ocrx_word' id='word_1_129' title='bbox 318 2805 521 2862; x_wconf 88' lang='lat' dir='ltr'>oum</span> <span class='ocrx_word' id='word_1_130' title='bbox 586 2778 1164 2863; x_wconf 80' lang='lat' dir='ltr'>universitate</span> <span class='ocrx_word' id='word_1_131' title='bbox 1239 2777 1375 2860; x_wconf 86' lang='lat' dir='ltr'>sui</span> <span class='ocrx_word' id='word_1_132' title='bbox 1431 2778 2006 2888; x_wconf 86' lang='lat' dir='ltr'>Principatus</span> <span class='ocrx_word' id='word_1_133' title='bbox 2084 2779 2214 2862; x_wconf 88' lang='lat' dir='ltr'>in-</span> 
     </span>
     <span class='ocr_line' id='line_1_25' title="bbox 312 2885 2186 2994; baseline -0.002 -23"><span class='ocrx_word' id='word_1_134' title='bbox 312 2886 833 2971; x_wconf 83' lang='lat' dir='ltr'>Patrocinia</span> <span class='ocrx_word' id='word_1_135' title='bbox 905 2885 1331 2969; x_wconf 87' lang='lat' dir='ltr'>Mesconis</span> <span class='ocrx_word' id='word_1_136' title='bbox 1387 2887 2002 2994; x_wconf 76' lang='lat' dir='ltr'>transmigrat,</span> <span class='ocrx_word' id='word_1_137' title='bbox 2095 2903 2186 2972; x_wconf 84' lang='lat' dir='ltr'>et</span> 
     </span>
     <span class='ocr_line' id='line_1_26' title="bbox 311 2993 2180 3119; baseline -0.001 -39"><span class='ocrx_word' id='word_1_138' title='bbox 311 2993 911 3100; x_wconf 83' lang='lat' dir='ltr'>Mesconidem</span> <span class='ocrx_word' id='word_1_139' title='bbox 937 2995 971 3098; x_wconf 92' lang='lat'><strong>(</strong></span> <span class='ocrx_word' id='word_1_140' title='bbox 992 2994 1440 3119; x_wconf 76' lang='lat' dir='ltr'>permirae</span> <span class='ocrx_word' id='word_1_141' title='bbox 1461 3010 1641 3074; x_wconf 87' lang='lat' dir='ltr'>tam</span> <span class='ocrx_word' id='word_1_142' title='bbox 1684 2993 2180 3106; x_wconf 80' lang='lat' dir='ltr'>industriae</span> 
     </span>
     <span class='ocr_line' id='line_1_27' title="bbox 316 3099 2185 3213; baseline 0 -27"><span class='ocrx_word' id='word_1_143' title='bbox 316 3129 582 3213; x_wconf 87' lang='lat' dir='ltr'>quam</span> <span class='ocrx_word' id='word_1_144' title='bbox 646 3099 1119 3213; x_wconf 69' lang='lat' dir='ltr'>elegantiae</span> <span class='ocrx_word' id='word_1_145' title='bbox 1152 3101 1639 3210; x_wconf 85' lang='lat' dir='ltr'>Juvenem)</span> <span class='ocrx_word' id='word_1_146' title='bbox 1681 3103 2185 3186; x_wconf 87' lang='lat' dir='ltr'>Mesoonem</span> 
     </span>
     <span class='ocr_line' id='line_1_28' title="bbox 314 3209 2175 3320; baseline -0.001 -25"><span class='ocrx_word' id='word_1_147' title='bbox 314 3243 352 3295; x_wconf 84' lang='lat' dir='ltr'>s</span> <span class='ocrx_word' id='word_1_148' title='bbox 368 3211 456 3294; x_wconf 88' lang='lat' dir='ltr'>ui</span> <span class='ocrx_word' id='word_1_149' title='bbox 478 3209 1079 3292; x_wconf 80' lang='lat' dir='ltr'>Successorem</span> <span class='ocrx_word' id='word_1_150' title='bbox 1106 3209 1674 3320; x_wconf 82' lang='lat' dir='ltr'>Principatus</span> <span class='ocrx_word' id='word_1_151' title='bbox 1719 3223 2175 3298; x_wconf 84' lang='lat' dir='ltr'>testamen-</span> 
     </span>
     <span class='ocr_line' id='line_1_29' title="bbox 314 3314 2120 3422; baseline -0.002 -23"><span class='ocrx_word' id='word_1_152' title='bbox 314 3333 409 3399; x_wconf 80' lang='lat' dir='ltr'>to</span> <span class='ocrx_word' id='word_1_153' title='bbox 449 3314 873 3400; x_wconf 80' lang='lat' dir='ltr'>instituit.</span> <span class='ocrx_word' id='word_1_154' title='bbox 1737 3417 1740 3422; x_wconf 15' lang='grc' dir='ltr'>Ι</span> <span class='ocrx_word' id='word_1_155' title='bbox 2117 3391 2120 3396; x_wconf 88' lang='grc'>.</span> 
     </span>
     <span class='ocr_line' id='line_1_30' title="bbox 1229 3392 2075 3511; baseline 0.002 -3"><span class='ocrx_word' id='word_1_156' title='bbox 1229 3392 1264 3467; x_wconf 43' lang='grc' dir='ltr'>Χ</span> <span class='ocrx_word' id='word_1_157' title='bbox 1899 3425 2075 3511; x_wconf 82' lang='lat' dir='ltr'>Sed</span> 
     </span>
    </p>
   </div>
  </div>
 </body>
</html>
